@inproceedings{ConfPaperName,
author = {X, Y and A, B, },
title = {This is the title of this sample citation},
year = {2025},
publisher = {ACM},
booktitle = {this is the booktitle},
pages = {111-222},
numpages = {111},
series = {XYZ'21}
}

@inproceedings{wang2023netconfeval,
  author    = {Changjie Wang and Mariano Scazzariello and Alireza Farshin and Simone Ferlin and Dejan Kosti{\'c} and Marco Chiesa},
  title     = {NetConfEval: Can LLMs Facilitate Network Configuration?},
  booktitle = {Proceedings of the 2023 Workshop on Networked Systems for Intent-Based Networking (NSIBN)},
  year      = {2023},
  publisher = {ACM}
}

@inproceedings{fang2024codeanalysis,
  author    = {Chongzhou Fang and Ning Miao and Shaurya Srivastav and Jialin Liu and Ruoyu Zhang and Ruijie Fang and Asmita and Ryan Tsang and Najmeh Nazari and Han Wang and Houman Homayoun},
  title     = {Large Language Models for Code Analysis: Do LLMs Really Do Their Job?},
  booktitle = {Proceedings of the 33rd USENIX Security Symposium},
  year      = {2024},
  organization = {USENIX Association}
}

@inproceedings{he2024nada,
  author    = {Zhiyuan He and Aashish Gottipati and Lili Qiu and Xufang Luo and Kenuo Xu and Yuqing Yang and Francis Y. Yan},
  title     = {Designing Network Algorithms via Large Language Models},
  booktitle = {Proceedings of the 23rd ACM Workshop on Hot Topics in Networks (HotNets '24)},
  year      = {2024},
  pages     = {1--8},
  publisher = {ACM}
}
